@String(PAMI = {IEEE Trans. Pattern Anal. Mach. Intell.})
@String(IJCV = {Int. J. Comput. Vis.})
@String(CVPR= {IEEE Conf. Comput. Vis. Pattern Recog.})
@String(ICCV= {Int. Conf. Comput. Vis.})
@String(ECCV= {Eur. Conf. Comput. Vis.})
@String(NIPS= {Adv. Neural Inform. Process. Syst.})
@String(ICPR = {Int. Conf. Pattern Recog.})
@String(BMVC= {Brit. Mach. Vis. Conf.})
@String(TOG= {ACM Trans. Graph.})
@String(TIP  = {IEEE Trans. Image Process.})
@String(TVCG  = {IEEE Trans. Vis. Comput. Graph.})
@String(TMM  = {IEEE Trans. Multimedia})
@String(ACMMM= {ACM Int. Conf. Multimedia})
@String(ICME = {Int. Conf. Multimedia and Expo})
@String(ICASSP=	{ICASSP})
@String(ICIP = {IEEE Int. Conf. Image Process.})
@String(ACCV  = {ACCV})
@String(ICLR = {Int. Conf. Learn. Represent.})
@String(IJCAI = {IJCAI})
@String(PR   = {Pattern Recognition})
@String(AAAI = {AAAI})
@String(CVPRW= {IEEE Conf. Comput. Vis. Pattern Recog. Worksh.})
@String(CSVT = {IEEE Trans. Circuit Syst. Video Technol.})

@String(SPL	= {IEEE Sign. Process. Letters})
@String(VR   = {Vis. Res.})
@String(JOV	 = {J. Vis.})
@String(TVC  = {The Vis. Comput.})
@String(JCST  = {J. Comput. Sci. Tech.})
@String(CGF  = {Comput. Graph. Forum})
@String(CVM = {Computational Visual Media})


@String(PAMI  = {IEEE TPAMI})
@String(IJCV  = {IJCV})
@String(CVPR  = {CVPR})
@String(ICCV  = {ICCV})
@String(ECCV  = {ECCV})
@String(NIPS  = {NeurIPS})
@String(ICPR  = {ICPR})
@String(BMVC  =	{BMVC})
@String(TOG   = {ACM TOG})
@String(TIP   = {IEEE TIP})
@String(TVCG  = {IEEE TVCG})
@String(TCSVT = {IEEE TCSVT})
@String(TMM   =	{IEEE TMM})
@String(ACMMM = {ACM MM})
@String(ICME  =	{ICME})
@String(ICASSP=	{ICASSP})
@String(ICIP  = {ICIP})
@String(ACCV  = {ACCV})
@String(ICLR  = {ICLR})
@String(IJCAI = {IJCAI})
@String(PR = {PR})
@String(AAAI = {AAAI})
@String(CVPRW= {CVPRW})
@String(CSVT = {IEEE TCSVT})

@misc{number1,
    key = {number1},
    title = {The Impact of Power Outages - Pinkerton},
    howpublished = {\url{https://pinkerton.com/our-insights/blog/the-impact-of-power-outages}},
    note = {Accessed: 2025-04-30}
}

% % Not a really good reference  - Prysmian
% Citation number 2 raising errors \cite{number2}

@misc{Prysmian,
    key = {number2},
    title = {Cyberattack on the power grid: what would happen?},
    howpublished = {\url{https://www.prysmian.com/en/insight/construction-and-industries/cyber-attack-power-distributiongrids-%20networks-what-would-happen}},
    note = {Accessed: 2025-04-30}
}

@misc{number8,
    key = {number8},
    title = {2021 Texas Power Grid Failure - a preventable disaster},
    howpublished = {\url{https://limos.engin.umich.edu/deitabase/2024/12/27/2021-texas-power-grid-failure/}},
    note = {Accessed: 2025-04-30}
}

@misc{number9,
    key = {number9},
    title = {Threats to the Energy Grid},
    howpublished = {\url{https://www.americansecurityproject.org/climate-energy-and-security/energy/threats-to-the-energy-grid/}},
    note = {Accessed: 2025-04-30}
}

@misc{number10,
    key = {number10},
    title = {A Call for Immediate Public Health and Emergency Response Planning for Widespread Grid Failure Under Extreme Heat},
    howpublished = {\url{https://fas.org/publication/grid-failure-extreme-heat/}},
    note = {Accessed: 2025-04-30}
}

@misc{number14,
    key = {number14},
    title = {Physical attacks on North American power grid rose more than 10% last year: NERC},
    howpublished = {\url{https://www.utilitydive.com/news/physical-attacks-on-north-american-power-grid-rose-more-than-10-last-year/646986/}},
    note = {Accessed: 2025-04-30}
}

% Threats to the U.S. Power Grid - AMAROK
@misc{number15,
    key = {number15},
    title = {Threats to the U.S. Power Grid},
    howpublished = {\url{https://amarok.com/blog/threats-to-the-u-s-power-grid/}},
    note = {Accessed: 2025-04-30}
}

@misc{number20,
    key = {number20},
    title = {Double Trouble: When Weather Emergencies Meet Malicious Hackers},
    howpublished = {\url{https://engineering.jhu.edu/news/double-trouble-when-weather-emergencies-meet-malicious-hackers/}},
    note = {Accessed: 2025-04-30}
}

@misc{CraigFields,
    author = {Craig Fields},
    title = {Memorandum for the Undersecretary of Defense for Acquisition, Technology and Logistics},
    howpublished = {\url{https://dsb.cto.mil/wp-content/uploads/reports/2010s/DSB-CyberDeterrenceReport_02-28-17_Final.pdf}},
    month = {February},
    year = {2017},
    note = {Accessed: 2025-04-30}
}

% Do I need to cite a definition of Electrical Grid ?
% 21 - Electrical grid - Wikipedia, accessed April 28, 2025, https://en.wikipedia.org/wiki/Electrical_grid

% Number 5
@article{ani2019review,
  title={A review of critical infrastructure protection approaches: Improving security through responsiveness to the dynamic modelling landscape},
  author={Ani, Uchenna D and McK Watson, Jeremy D and Nurse, Jason RC and Cook, Al and Maples, C},
  journal={Living in the Internet of Things (IoT 2019)},
  pages={6},
  year={2019},
  publisher={IET}
}

% Number 6 - is a whole workshop with lots of papers
% ACM SIGMETRICS International Workshop on Critical Infrastructure Network Security Urbana-Champaign, Illinois, USA, accessed April 28, 2025, https://www.sigmetrics.org/per/per_sep_2017_cins.pdf

%  The intro actually refers to this paper in particular
@article{kelic2017interdependencies,
  title={Interdependencies in critical infrastructure modeling},
  author={Kelic, Andjelka},
  journal={ACM SIGMETRICS Performance Evaluation Review},
  volume={45},
  number={2},
  pages={99--102},
  year={2017},
  publisher={ACM New York, NY, USA}
}

@article{holme2002attack,
  title={Attack vulnerability of complex networks},
  author={Holme, Petter and Kim, Beom Jun and Yoon, Chang No and Han, Seung Kee},
  journal={Physical review E},
  volume={65},
  number={5},
  pages={056109},
  year={2002},
  publisher={APS}
}

@article{beygelzimer2005improving,
  title={Improving network robustness by edge modification},
  author={Beygelzimer, Alina and Grinstein, Geoffrey and Linsker, Ralph and Rish, Irina},
  journal={Physica A: Statistical Mechanics and its Applications},
  volume={357},
  number={3-4},
  pages={593--612},
  year={2005},
  publisher={Elsevier}
}

% TIGER
@article{freitas2021evaluating,
    title={Evaluating Graph Vulnerability and Robustness using TIGER},
    author={Freitas, Scott and Yang, Diyi and Kumar, Srijan and Tong, Hanghang and Chau, Duen Horng},
    journal={ACM International Conference on Information and Knowledge Management},
    year={2021}
}

% ##############################################################################
% testing stuff
% ##############################################################################

